<?xml version = "1.0" encoding = "UTF-8"?><OAI-PMH xmlns="http://www.openarchives.org/OAI/2.0/" xmlns:xsi="http://www.w3.org/2001/XMLSchema-instance" xsi:schemaLocation="http://www.openarchives.org/OAI/2.0/ http://www.openarchives.org/OAI/2.0/OAI-PMH.xsd"><ListRecords><record><header><identifier>aleph-publish:018725143</identifier></header><metadata><record xmlns="http://www.ddb.de/professionell/mabxml/mabxml-1.xsd"><leader>00595pM2.01200024------h</leader><controlfield tag="LDR">00595pM2.01200024------h</controlfield><controlfield tag="FMT">MH</controlfield><datafield tag="001" ind1="-" ind2="1"><subfield code="a">HT016835852</subfield></datafield><datafield tag="002" ind1="a" ind2="1"><subfield code="a">20110527</subfield></datafield><datafield tag="026" ind1="-" ind2="1"><subfield code="a">HBZHT016835852</subfield></datafield><controlfield tag="030">u|1daz|z|||17</controlfield><datafield tag="036" ind1="a" ind2="1"><subfield code="a">XA-DE-BY</subfield></datafield><datafield tag="037" ind1="b" ind2="1"><subfield code="a">ger</subfield></datafield><controlfield tag="050">||||||||g|||||</controlfield><controlfield tag="051">m|||z|||</controlfield><datafield tag="070" ind1="-" ind2="1"><subfield code="a">836</subfield></datafield><datafield tag="078" ind1="e" ind2="1"><subfield code="a">ZDB-22-CAN</subfield></datafield><datafield tag="078" ind1="i" ind2="1"><subfield code="a">iall</subfield></datafield><datafield tag="080" ind1="-" ind2="1"><subfield code="a">60</subfield></datafield><datafield tag="086" ind1="a" ind2="1"><subfield code="d">978-3-453-60180-2</subfield></datafield><datafield tag="100" ind1="-" ind2="1"><subfield code="p">Adamek, Sascha</subfield><subfield code="d">1968-</subfield><subfield code="9">(DE-588)13400373X</subfield></datafield><datafield tag="101" ind1="-" ind2="1"><subfield code="p">Antamek, Sasa</subfield><subfield code="d">1968-</subfield></datafield><datafield tag="331" ind1="-" ind2="1"><subfield code="a">&lt;&lt;Die&gt;&gt; facebook-Falle</subfield></datafield><datafield tag="334" ind1="-" ind2="1"><subfield code="a">Elektronische Ressource</subfield></datafield><datafield tag="335" ind1="-" ind2="1"><subfield code="a">wie das soziale Netzwerk unser Leben verkauft</subfield></datafield><datafield tag="359" ind1="-" ind2="1"><subfield code="a">Sascha Adamek</subfield></datafield><datafield tag="410" ind1="-" ind2="1"><subfield code="a">München</subfield></datafield><datafield tag="412" ind1="-" ind2="1"><subfield code="a">Heyne HC</subfield></datafield><datafield tag="425" ind1="a" ind2="1"><subfield code="a">2011</subfield></datafield><datafield tag="433" ind1="-" ind2="1"><subfield code="a">351 S.</subfield></datafield><datafield tag="527" ind1="z" ind2="1"><subfield code="p">Druckausg.</subfield><subfield code="a">Adamek, Sascha: &lt;&lt;Die&gt;&gt; facebook-Falle</subfield><subfield code="9">HT016708278</subfield></datafield><datafield tag="540" ind1="a" ind2="1"><subfield code="a">978-3-641-05399-4</subfield></datafield><datafield tag="553" ind1="a" ind2="1"><subfield code="a">9783453601802</subfield></datafield><datafield tag="652" ind1="a" ind2="1"><subfield code="a">Online-Ressource</subfield></datafield><datafield tag="700" ind1="l" ind2="1"><subfield code="a">630</subfield></datafield><datafield tag="700" ind1="-" ind2="1"><subfield code="a">300</subfield></datafield><controlfield tag="SYS">018725143</controlfield><datafield tag="LOW" ind1="-" ind2="1"><subfield code="a">M5001</subfield></datafield><datafield tag="LOW" ind1="-" ind2="1"><subfield code="a">X5001</subfield></datafield><datafield tag="088" ind1=" " ind2=" "><subfield code="a">836</subfield></datafield><datafield tag="088" ind1=" " ind2=" "><subfield code="a">Dü 62</subfield></datafield><datafield tag="655" ind1="e" ind2="9"><subfield code="u">http://fh-muenster.ciando.com/shop/book/short/index.cfm/fuseaction/short/bok_id/229525</subfield><subfield code="z">Info: Download (pdf) nur auf einem Rechner möglich, empfohlen wird eigener Arbeitsrechner.</subfield><subfield code="2">M5001</subfield></datafield><datafield tag="655" ind1="e" ind2="9"><subfield code="u">http://ebooks.ciando.com/book/index.cfm/bok_id/229525</subfield><subfield code="z">Volltext: zur Ansicht (benötigt PDF-Reader) / zur Ausleihe (benötigt Adobe Digital Editions)</subfield><subfield code="2">X5001</subfield></datafield></record></metadata></record></ListRecords></OAI-PMH>